[
  {
    "id": 0,
    "price": 399221,
    "sales": 402,
    "rating": 4.9,
    "image": "https://picsum.photos/id/173/500/500",
    "type": "product",
    "created": "2018-12-24",
    "first_name": "Mildred",
    "last_name": "Pope"
  },
  {
    "id": 1,
    "price": 227119,
    "sales": 581,
    "rating": 4.1,
    "image": "https://picsum.photos/id/1358/500/500",
    "type": "product",
    "created": "2015-09-19",
    "first_name": "Zimmerman",
    "last_name": "Shepard"
  },
  {
    "id": 2,
    "price": 252385,
    "sales": 900,
    "rating": 2.6,
    "image": "https://picsum.photos/id/1048/500/500",
    "type": "service",
    "created": "2020-10-07",
    "first_name": "June",
    "last_name": "Foley"
  },
  {
    "id": 3,
    "price": 140138,
    "sales": 53,
    "rating": 3,
    "image": "https://picsum.photos/id/179/500/500",
    "type": "product",
    "created": "2016-10-26",
    "first_name": "Angelita",
    "last_name": "Mooney"
  },
  {
    "id": 4,
    "price": 66064,
    "sales": 120,
    "rating": 4.4,
    "image": "https://picsum.photos/id/609/500/500",
    "type": "service",
    "created": "2016-05-16",
    "first_name": "Lorene",
    "last_name": "Sullivan"
  },
  {
    "id": 5,
    "price": 443487,
    "sales": 280,
    "rating": 4.6,
    "image": "https://picsum.photos/id/977/500/500",
    "type": "product",
    "created": "2017-11-22",
    "first_name": "Carolyn",
    "last_name": "Sanders"
  },
  {
    "id": 6,
    "price": 403995,
    "sales": 10,
    "rating": 2.3,
    "image": "https://picsum.photos/id/1296/500/500",
    "type": "product",
    "created": "2017-06-13",
    "first_name": "Charlene",
    "last_name": "Chambers"
  },
  {
    "id": 7,
    "price": 453726,
    "sales": 844,
    "rating": 3.2,
    "image": "https://picsum.photos/id/1052/500/500",
    "type": "product",
    "created": "2017-08-04",
    "first_name": "Jackson",
    "last_name": "Clayton"
  },
  {
    "id": 8,
    "price": 374736,
    "sales": 50,
    "rating": 3.4,
    "image": "https://picsum.photos/id/653/500/500",
    "type": "product",
    "created": "2017-07-16",
    "first_name": "Cassie",
    "last_name": "Lester"
  },
  {
    "id": 9,
    "price": 256112,
    "sales": 706,
    "rating": 1.2,
    "image": "https://picsum.photos/id/806/500/500",
    "type": "service",
    "created": "2016-08-02",
    "first_name": "Corina",
    "last_name": "Johnston"
  },
  {
    "id": 10,
    "price": 315325,
    "sales": 949,
    "rating": 1.4,
    "image": "https://picsum.photos/id/1111/500/500",
    "type": "product",
    "created": "2015-12-31",
    "first_name": "Liz",
    "last_name": "Tran"
  },
  {
    "id": 11,
    "price": 303233,
    "sales": 145,
    "rating": 1.1,
    "image": "https://picsum.photos/id/1075/500/500",
    "type": "service",
    "created": "2016-12-18",
    "first_name": "Le",
    "last_name": "Dunn"
  },
  {
    "id": 12,
    "price": 262836,
    "sales": 229,
    "rating": 4.3,
    "image": "https://picsum.photos/id/1303/500/500",
    "type": "product",
    "created": "2016-10-15",
    "first_name": "Watson",
    "last_name": "Crane"
  },
  {
    "id": 13,
    "price": 340092,
    "sales": 583,
    "rating": 2.7,
    "image": "https://picsum.photos/id/723/500/500",
    "type": "product",
    "created": "2016-04-28",
    "first_name": "Gregory",
    "last_name": "Buck"
  },
  {
    "id": 14,
    "price": 239342,
    "sales": 418,
    "rating": 1.9,
    "image": "https://picsum.photos/id/1132/500/500",
    "type": "product",
    "created": "2018-03-01",
    "first_name": "Molly",
    "last_name": "Mcgowan"
  },
  {
    "id": 15,
    "price": 242673,
    "sales": 739,
    "rating": 3.6,
    "image": "https://picsum.photos/id/1168/500/500",
    "type": "service",
    "created": "2016-09-01",
    "first_name": "Corinne",
    "last_name": "Hendrix"
  },
  {
    "id": 16,
    "price": 498069,
    "sales": 269,
    "rating": 1,
    "image": "https://picsum.photos/id/1061/500/500",
    "type": "product",
    "created": "2019-07-18",
    "first_name": "Padilla",
    "last_name": "Freeman"
  },
  {
    "id": 17,
    "price": 309709,
    "sales": 288,
    "rating": 3.2,
    "image": "https://picsum.photos/id/1301/500/500",
    "type": "product",
    "created": "2020-07-10",
    "first_name": "Love",
    "last_name": "Hartman"
  },
  {
    "id": 18,
    "price": 52359,
    "sales": 760,
    "rating": 2.6,
    "image": "https://picsum.photos/id/547/500/500",
    "type": "service",
    "created": "2015-11-30",
    "first_name": "Camille",
    "last_name": "Hinton"
  },
  {
    "id": 19,
    "price": 206839,
    "sales": 887,
    "rating": 1.3,
    "image": "https://picsum.photos/id/94/500/500",
    "type": "product",
    "created": "2015-10-09",
    "first_name": "Moody",
    "last_name": "Delacruz"
  },
  {
    "id": 20,
    "price": 183031,
    "sales": 746,
    "rating": 2.4,
    "image": "https://picsum.photos/id/1145/500/500",
    "type": "product",
    "created": "2020-06-22",
    "first_name": "Nikki",
    "last_name": "Lucas"
  },
  {
    "id": 21,
    "price": 370911,
    "sales": 603,
    "rating": 3.9,
    "image": "https://picsum.photos/id/741/500/500",
    "type": "service",
    "created": "2015-07-23",
    "first_name": "Candy",
    "last_name": "Mitchell"
  },
  {
    "id": 22,
    "price": 445057,
    "sales": 575,
    "rating": 4.9,
    "image": "https://picsum.photos/id/1318/500/500",
    "type": "service",
    "created": "2015-12-01",
    "first_name": "Leta",
    "last_name": "Clay"
  },
  {
    "id": 23,
    "price": 413368,
    "sales": 489,
    "rating": 3.7,
    "image": "https://picsum.photos/id/1382/500/500",
    "type": "product",
    "created": "2019-03-07",
    "first_name": "Curry",
    "last_name": "Fernandez"
  },
  {
    "id": 24,
    "price": 439157,
    "sales": 513,
    "rating": 4.1,
    "image": "https://picsum.photos/id/385/500/500",
    "type": "service",
    "created": "2017-09-06",
    "first_name": "Duran",
    "last_name": "Herrera"
  },
  {
    "id": 25,
    "price": 60408,
    "sales": 785,
    "rating": 4.1,
    "image": "https://picsum.photos/id/179/500/500",
    "type": "product",
    "created": "2019-06-05",
    "first_name": "Miriam",
    "last_name": "Le"
  },
  {
    "id": 26,
    "price": 126895,
    "sales": 847,
    "rating": 2.7,
    "image": "https://picsum.photos/id/1279/500/500",
    "type": "product",
    "created": "2017-11-03",
    "first_name": "Gibson",
    "last_name": "Mills"
  },
  {
    "id": 27,
    "price": 275044,
    "sales": 893,
    "rating": 4.7,
    "image": "https://picsum.photos/id/1056/500/500",
    "type": "service",
    "created": "2018-05-02",
    "first_name": "Koch",
    "last_name": "Wright"
  },
  {
    "id": 28,
    "price": 316485,
    "sales": 596,
    "rating": 5,
    "image": "https://picsum.photos/id/1467/500/500",
    "type": "product",
    "created": "2017-04-15",
    "first_name": "Mcclain",
    "last_name": "Mercer"
  },
  {
    "id": 29,
    "price": 89215,
    "sales": 898,
    "rating": 3.8,
    "image": "https://picsum.photos/id/1165/500/500",
    "type": "service",
    "created": "2019-09-27",
    "first_name": "Tara",
    "last_name": "Blackwell"
  },
  {
    "id": 30,
    "price": 212454,
    "sales": 853,
    "rating": 3.3,
    "image": "https://picsum.photos/id/1320/500/500",
    "type": "product",
    "created": "2016-04-21",
    "first_name": "Carmen",
    "last_name": "Williamson"
  },
  {
    "id": 31,
    "price": 85083,
    "sales": 578,
    "rating": 3.5,
    "image": "https://picsum.photos/id/1184/500/500",
    "type": "service",
    "created": "2016-03-22",
    "first_name": "Rivas",
    "last_name": "Miller"
  },
  {
    "id": 32,
    "price": 309058,
    "sales": 356,
    "rating": 4,
    "image": "https://picsum.photos/id/707/500/500",
    "type": "product",
    "created": "2015-04-20",
    "first_name": "Pitts",
    "last_name": "Hull"
  },
  {
    "id": 33,
    "price": 339199,
    "sales": 272,
    "rating": 4.4,
    "image": "https://picsum.photos/id/783/500/500",
    "type": "service",
    "created": "2020-05-28",
    "first_name": "Staci",
    "last_name": "Obrien"
  },
  {
    "id": 34,
    "price": 264323,
    "sales": 153,
    "rating": 3.3,
    "image": "https://picsum.photos/id/490/500/500",
    "type": "product",
    "created": "2016-12-04",
    "first_name": "Margery",
    "last_name": "Durham"
  },
  {
    "id": 35,
    "price": 132849,
    "sales": 230,
    "rating": 2.2,
    "image": "https://picsum.photos/id/1276/500/500",
    "type": "service",
    "created": "2016-12-05",
    "first_name": "Jannie",
    "last_name": "Hunter"
  },
  {
    "id": 36,
    "price": 375889,
    "sales": 820,
    "rating": 1.5,
    "image": "https://picsum.photos/id/762/500/500",
    "type": "service",
    "created": "2017-04-30",
    "first_name": "Espinoza",
    "last_name": "Spears"
  },
  {
    "id": 37,
    "price": 90403,
    "sales": 189,
    "rating": 1,
    "image": "https://picsum.photos/id/728/500/500",
    "type": "service",
    "created": "2015-08-06",
    "first_name": "Watkins",
    "last_name": "Barker"
  },
  {
    "id": 38,
    "price": 407962,
    "sales": 41,
    "rating": 3.6,
    "image": "https://picsum.photos/id/738/500/500",
    "type": "product",
    "created": "2018-03-08",
    "first_name": "Aida",
    "last_name": "Nelson"
  },
  {
    "id": 39,
    "price": 319743,
    "sales": 707,
    "rating": 3.9,
    "image": "https://picsum.photos/id/807/500/500",
    "type": "service",
    "created": "2018-01-13",
    "first_name": "Key",
    "last_name": "Orr"
  },
  {
    "id": 40,
    "price": 225429,
    "sales": 968,
    "rating": 3.4,
    "image": "https://picsum.photos/id/507/500/500",
    "type": "service",
    "created": "2019-12-01",
    "first_name": "Blankenship",
    "last_name": "Little"
  },
  {
    "id": 41,
    "price": 67071,
    "sales": 587,
    "rating": 2.4,
    "image": "https://picsum.photos/id/922/500/500",
    "type": "service",
    "created": "2017-02-03",
    "first_name": "Cherry",
    "last_name": "Jennings"
  },
  {
    "id": 42,
    "price": 85040,
    "sales": 356,
    "rating": 3.6,
    "image": "https://picsum.photos/id/912/500/500",
    "type": "product",
    "created": "2015-02-01",
    "first_name": "Gonzales",
    "last_name": "Gonzales"
  },
  {
    "id": 43,
    "price": 295644,
    "sales": 580,
    "rating": 2.5,
    "image": "https://picsum.photos/id/345/500/500",
    "type": "service",
    "created": "2017-07-19",
    "first_name": "Mccoy",
    "last_name": "Sloan"
  },
  {
    "id": 44,
    "price": 164815,
    "sales": 805,
    "rating": 3.2,
    "image": "https://picsum.photos/id/1185/500/500",
    "type": "service",
    "created": "2017-03-13",
    "first_name": "Amanda",
    "last_name": "Cooley"
  },
  {
    "id": 45,
    "price": 410614,
    "sales": 348,
    "rating": 2.2,
    "image": "https://picsum.photos/id/1444/500/500",
    "type": "service",
    "created": "2017-11-18",
    "first_name": "Renee",
    "last_name": "Montoya"
  },
  {
    "id": 46,
    "price": 76427,
    "sales": 227,
    "rating": 4.8,
    "image": "https://picsum.photos/id/1365/500/500",
    "type": "service",
    "created": "2017-12-01",
    "first_name": "Hawkins",
    "last_name": "Raymond"
  },
  {
    "id": 47,
    "price": 459016,
    "sales": 587,
    "rating": 2.1,
    "image": "https://picsum.photos/id/1126/500/500",
    "type": "product",
    "created": "2020-06-28",
    "first_name": "Jody",
    "last_name": "Shaw"
  },
  {
    "id": 48,
    "price": 400614,
    "sales": 243,
    "rating": 4.8,
    "image": "https://picsum.photos/id/746/500/500",
    "type": "product",
    "created": "2017-02-03",
    "first_name": "Marguerite",
    "last_name": "Witt"
  },
  {
    "id": 49,
    "price": 224643,
    "sales": 761,
    "rating": 4.3,
    "image": "https://picsum.photos/id/69/500/500",
    "type": "product",
    "created": "2017-08-17",
    "first_name": "Brigitte",
    "last_name": "Greer"
  },
  {
    "id": 50,
    "price": 98946,
    "sales": 709,
    "rating": 4.3,
    "image": "https://picsum.photos/id/326/500/500",
    "type": "product",
    "created": "2017-03-04",
    "first_name": "Tiffany",
    "last_name": "Padilla"
  },
  {
    "id": 51,
    "price": 436978,
    "sales": 423,
    "rating": 2.1,
    "image": "https://picsum.photos/id/158/500/500",
    "type": "service",
    "created": "2020-12-12",
    "first_name": "Julia",
    "last_name": "Vincent"
  },
  {
    "id": 52,
    "price": 275814,
    "sales": 692,
    "rating": 2,
    "image": "https://picsum.photos/id/686/500/500",
    "type": "service",
    "created": "2016-10-01",
    "first_name": "Mccray",
    "last_name": "Arnold"
  },
  {
    "id": 53,
    "price": 300677,
    "sales": 15,
    "rating": 4.5,
    "image": "https://picsum.photos/id/178/500/500",
    "type": "product",
    "created": "2016-01-28",
    "first_name": "Cooke",
    "last_name": "Parsons"
  },
  {
    "id": 54,
    "price": 105283,
    "sales": 76,
    "rating": 1.9,
    "image": "https://picsum.photos/id/763/500/500",
    "type": "product",
    "created": "2019-11-04",
    "first_name": "Tyler",
    "last_name": "Howard"
  },
  {
    "id": 55,
    "price": 293758,
    "sales": 752,
    "rating": 3.5,
    "image": "https://picsum.photos/id/536/500/500",
    "type": "product",
    "created": "2020-06-10",
    "first_name": "Marjorie",
    "last_name": "Henson"
  },
  {
    "id": 56,
    "price": 122806,
    "sales": 136,
    "rating": 3.5,
    "image": "https://picsum.photos/id/898/500/500",
    "type": "service",
    "created": "2018-08-25",
    "first_name": "Solomon",
    "last_name": "Moody"
  },
  {
    "id": 57,
    "price": 490402,
    "sales": 671,
    "rating": 1.8,
    "image": "https://picsum.photos/id/498/500/500",
    "type": "product",
    "created": "2020-04-01",
    "first_name": "Simone",
    "last_name": "Wilkerson"
  },
  {
    "id": 58,
    "price": 311467,
    "sales": 307,
    "rating": 1.8,
    "image": "https://picsum.photos/id/718/500/500",
    "type": "service",
    "created": "2016-03-03",
    "first_name": "Jeannette",
    "last_name": "Porter"
  },
  {
    "id": 59,
    "price": 361286,
    "sales": 575,
    "rating": 2.1,
    "image": "https://picsum.photos/id/443/500/500",
    "type": "service",
    "created": "2019-04-29",
    "first_name": "Ochoa",
    "last_name": "Owen"
  },
  {
    "id": 60,
    "price": 150914,
    "sales": 788,
    "rating": 1.4,
    "image": "https://picsum.photos/id/306/500/500",
    "type": "service",
    "created": "2019-07-06",
    "first_name": "Doris",
    "last_name": "Edwards"
  },
  {
    "id": 61,
    "price": 347697,
    "sales": 55,
    "rating": 4.5,
    "image": "https://picsum.photos/id/863/500/500",
    "type": "product",
    "created": "2017-02-21",
    "first_name": "Morin",
    "last_name": "Slater"
  },
  {
    "id": 62,
    "price": 476263,
    "sales": 116,
    "rating": 1.3,
    "image": "https://picsum.photos/id/1148/500/500",
    "type": "product",
    "created": "2020-07-05",
    "first_name": "Dillon",
    "last_name": "Wiley"
  },
  {
    "id": 63,
    "price": 251309,
    "sales": 869,
    "rating": 5,
    "image": "https://picsum.photos/id/1292/500/500",
    "type": "product",
    "created": "2016-01-20",
    "first_name": "Francis",
    "last_name": "Sparks"
  },
  {
    "id": 64,
    "price": 277681,
    "sales": 393,
    "rating": 1.3,
    "image": "https://picsum.photos/id/1453/500/500",
    "type": "product",
    "created": "2017-02-18",
    "first_name": "Drake",
    "last_name": "Diaz"
  },
  {
    "id": 65,
    "price": 73391,
    "sales": 461,
    "rating": 4.5,
    "image": "https://picsum.photos/id/1328/500/500",
    "type": "product",
    "created": "2016-06-30",
    "first_name": "Kinney",
    "last_name": "Cote"
  },
  {
    "id": 66,
    "price": 350706,
    "sales": 731,
    "rating": 1.1,
    "image": "https://picsum.photos/id/1269/500/500",
    "type": "service",
    "created": "2019-09-01",
    "first_name": "Lucas",
    "last_name": "Baldwin"
  },
  {
    "id": 67,
    "price": 465445,
    "sales": 558,
    "rating": 2.1,
    "image": "https://picsum.photos/id/1211/500/500",
    "type": "product",
    "created": "2016-09-03",
    "first_name": "Boyle",
    "last_name": "Patton"
  },
  {
    "id": 68,
    "price": 163720,
    "sales": 856,
    "rating": 4.2,
    "image": "https://picsum.photos/id/1460/500/500",
    "type": "service",
    "created": "2018-12-11",
    "first_name": "Effie",
    "last_name": "Wolfe"
  },
  {
    "id": 69,
    "price": 101456,
    "sales": 927,
    "rating": 3.3,
    "image": "https://picsum.photos/id/913/500/500",
    "type": "product",
    "created": "2019-08-04",
    "first_name": "Mccarthy",
    "last_name": "Mueller"
  },
  {
    "id": 70,
    "price": 74334,
    "sales": 177,
    "rating": 1.7,
    "image": "https://picsum.photos/id/1495/500/500",
    "type": "product",
    "created": "2016-12-12",
    "first_name": "Melba",
    "last_name": "Morin"
  },
  {
    "id": 71,
    "price": 196026,
    "sales": 783,
    "rating": 4.8,
    "image": "https://picsum.photos/id/1448/500/500",
    "type": "product",
    "created": "2018-02-11",
    "first_name": "Camacho",
    "last_name": "Paul"
  },
  {
    "id": 72,
    "price": 204271,
    "sales": 530,
    "rating": 2.8,
    "image": "https://picsum.photos/id/230/500/500",
    "type": "service",
    "created": "2017-07-20",
    "first_name": "Bianca",
    "last_name": "Ramsey"
  },
  {
    "id": 73,
    "price": 247289,
    "sales": 898,
    "rating": 2.8,
    "image": "https://picsum.photos/id/377/500/500",
    "type": "service",
    "created": "2018-06-03",
    "first_name": "Lee",
    "last_name": "Langley"
  },
  {
    "id": 74,
    "price": 89289,
    "sales": 371,
    "rating": 3.9,
    "image": "https://picsum.photos/id/165/500/500",
    "type": "product",
    "created": "2019-12-05",
    "first_name": "Nola",
    "last_name": "Small"
  },
  {
    "id": 75,
    "price": 141494,
    "sales": 803,
    "rating": 2.2,
    "image": "https://picsum.photos/id/601/500/500",
    "type": "service",
    "created": "2018-06-21",
    "first_name": "Webster",
    "last_name": "Wallace"
  },
  {
    "id": 76,
    "price": 155334,
    "sales": 382,
    "rating": 1.1,
    "image": "https://picsum.photos/id/435/500/500",
    "type": "product",
    "created": "2016-03-05",
    "first_name": "Collier",
    "last_name": "Tanner"
  },
  {
    "id": 77,
    "price": 392104,
    "sales": 638,
    "rating": 1,
    "image": "https://picsum.photos/id/1331/500/500",
    "type": "product",
    "created": "2018-07-02",
    "first_name": "Sallie",
    "last_name": "Bonner"
  },
  {
    "id": 78,
    "price": 127294,
    "sales": 536,
    "rating": 2.9,
    "image": "https://picsum.photos/id/350/500/500",
    "type": "product",
    "created": "2019-01-22",
    "first_name": "Andrea",
    "last_name": "Meyer"
  },
  {
    "id": 79,
    "price": 480780,
    "sales": 300,
    "rating": 4.3,
    "image": "https://picsum.photos/id/358/500/500",
    "type": "service",
    "created": "2017-08-03",
    "first_name": "Rich",
    "last_name": "Merrill"
  },
  {
    "id": 80,
    "price": 266762,
    "sales": 604,
    "rating": 2.5,
    "image": "https://picsum.photos/id/1316/500/500",
    "type": "service",
    "created": "2020-12-05",
    "first_name": "Suzanne",
    "last_name": "Melton"
  },
  {
    "id": 81,
    "price": 105734,
    "sales": 879,
    "rating": 1.6,
    "image": "https://picsum.photos/id/1156/500/500",
    "type": "product",
    "created": "2017-05-13",
    "first_name": "Stefanie",
    "last_name": "Pugh"
  },
  {
    "id": 82,
    "price": 413850,
    "sales": 693,
    "rating": 1.4,
    "image": "https://picsum.photos/id/1401/500/500",
    "type": "product",
    "created": "2019-10-19",
    "first_name": "Hoffman",
    "last_name": "Francis"
  },
  {
    "id": 83,
    "price": 142400,
    "sales": 655,
    "rating": 3.6,
    "image": "https://picsum.photos/id/423/500/500",
    "type": "service",
    "created": "2018-06-02",
    "first_name": "Mcintyre",
    "last_name": "Thomas"
  },
  {
    "id": 84,
    "price": 407574,
    "sales": 209,
    "rating": 4.9,
    "image": "https://picsum.photos/id/999/500/500",
    "type": "service",
    "created": "2017-03-24",
    "first_name": "Harrell",
    "last_name": "Kennedy"
  },
  {
    "id": 85,
    "price": 467078,
    "sales": 630,
    "rating": 2.6,
    "image": "https://picsum.photos/id/633/500/500",
    "type": "product",
    "created": "2016-05-01",
    "first_name": "Rena",
    "last_name": "Marquez"
  },
  {
    "id": 86,
    "price": 416300,
    "sales": 401,
    "rating": 3.1,
    "image": "https://picsum.photos/id/77/500/500",
    "type": "product",
    "created": "2017-12-26",
    "first_name": "Sherrie",
    "last_name": "Bridges"
  },
  {
    "id": 87,
    "price": 453047,
    "sales": 131,
    "rating": 3.4,
    "image": "https://picsum.photos/id/822/500/500",
    "type": "product",
    "created": "2017-06-22",
    "first_name": "Horn",
    "last_name": "Cervantes"
  },
  {
    "id": 88,
    "price": 452758,
    "sales": 64,
    "rating": 1.3,
    "image": "https://picsum.photos/id/872/500/500",
    "type": "product",
    "created": "2020-11-28",
    "first_name": "Bernard",
    "last_name": "Nielsen"
  },
  {
    "id": 89,
    "price": 285751,
    "sales": 875,
    "rating": 1.5,
    "image": "https://picsum.photos/id/54/500/500",
    "type": "product",
    "created": "2017-06-11",
    "first_name": "Leola",
    "last_name": "Black"
  },
  {
    "id": 90,
    "price": 359999,
    "sales": 744,
    "rating": 2.3,
    "image": "https://picsum.photos/id/100/500/500",
    "type": "service",
    "created": "2018-10-04",
    "first_name": "Tamera",
    "last_name": "Villarreal"
  },
  {
    "id": 91,
    "price": 156717,
    "sales": 623,
    "rating": 1.9,
    "image": "https://picsum.photos/id/1068/500/500",
    "type": "service",
    "created": "2017-12-26",
    "first_name": "Erica",
    "last_name": "Foreman"
  },
  {
    "id": 92,
    "price": 402265,
    "sales": 990,
    "rating": 1.7,
    "image": "https://picsum.photos/id/610/500/500",
    "type": "product",
    "created": "2020-08-25",
    "first_name": "Gillespie",
    "last_name": "Mullins"
  },
  {
    "id": 93,
    "price": 452713,
    "sales": 192,
    "rating": 1.6,
    "image": "https://picsum.photos/id/1066/500/500",
    "type": "product",
    "created": "2020-01-01",
    "first_name": "Guadalupe",
    "last_name": "Buchanan"
  },
  {
    "id": 94,
    "price": 319335,
    "sales": 86,
    "rating": 2.2,
    "image": "https://picsum.photos/id/149/500/500",
    "type": "service",
    "created": "2020-07-21",
    "first_name": "Mcgee",
    "last_name": "Lowery"
  },
  {
    "id": 95,
    "price": 333849,
    "sales": 966,
    "rating": 2.5,
    "image": "https://picsum.photos/id/59/500/500",
    "type": "product",
    "created": "2019-04-20",
    "first_name": "Ilene",
    "last_name": "Poole"
  },
  {
    "id": 96,
    "price": 460250,
    "sales": 869,
    "rating": 1.8,
    "image": "https://picsum.photos/id/1230/500/500",
    "type": "service",
    "created": "2018-10-21",
    "first_name": "Hurst",
    "last_name": "Robinson"
  },
  {
    "id": 97,
    "price": 142887,
    "sales": 336,
    "rating": 3.1,
    "image": "https://picsum.photos/id/1272/500/500",
    "type": "product",
    "created": "2018-12-12",
    "first_name": "Sheree",
    "last_name": "Duffy"
  },
  {
    "id": 98,
    "price": 147991,
    "sales": 379,
    "rating": 2.6,
    "image": "https://picsum.photos/id/917/500/500",
    "type": "service",
    "created": "2020-04-10",
    "first_name": "Jo",
    "last_name": "Bowers"
  },
  {
    "id": 99,
    "price": 325384,
    "sales": 990,
    "rating": 4.9,
    "image": "https://picsum.photos/id/1338/500/500",
    "type": "service",
    "created": "2019-11-12",
    "first_name": "Ward",
    "last_name": "Gay"
  }
]